<?xml version="1.0" encoding="UTF-8"?>
<collection xmlns:xsi="http://www.w3.org/2001/XMLSchema-instance" xsi:schemaLocation="http://www.loc.gov/MARC21/slim http://www.loc.gov/standards/marcxml/schema/MARC21slim.xsd" xmlns="http://www.loc.gov/MARC21/slim">
<record>
  <leader>02157cam a2200433 a 4500</leader>
  <controlfield tag="001">3074024</controlfield>
  <controlfield tag="003">NNC</controlfield>
  <controlfield tag="005">20130520200904.0</controlfield>
  <controlfield tag="008">831226s1956    iq       b    001 0 ara d</controlfield>
  <datafield tag="010" ind1=" " ind2=" ">
    <subfield code="a">   76970640 /NE</subfield>
  </datafield>
  <datafield tag="035" ind1=" " ind2=" ">
    <subfield code="a">(OCoLC)21642357</subfield>
  </datafield>
  <datafield tag="035" ind1=" " ind2=" ">
    <subfield code="a">(OCoLC)ocm21642357</subfield>
  </datafield>
  <datafield tag="035" ind1=" " ind2=" ">
    <subfield code="9">ATP7183CU</subfield>
  </datafield>
  <datafield tag="035" ind1=" " ind2=" ">
    <subfield code="a">(NNC)3074024</subfield>
  </datafield>
  <datafield tag="035" ind1=" " ind2=" ">
    <subfield code="a">3074024</subfield>
  </datafield>
  <datafield tag="040" ind1=" " ind2=" ">
    <subfield code="c">CU</subfield>
    <subfield code="d">CU</subfield>
    <subfield code="d">UaCaAUL</subfield>
    <subfield code="d">StEdU</subfield>
  </datafield>
  <datafield tag="043" ind1=" " ind2=" ">
    <subfield code="a">a-iq---</subfield>
  </datafield>
  <datafield tag="050" ind1="0" ind2=" ">
    <subfield code="a">PJ6161</subfield>
    <subfield code="b">.I25 1956</subfield>
  </datafield>
  <datafield tag="066" ind1=" " ind2=" ">
    <subfield code="c">(3</subfield>
  </datafield>
  <datafield tag="100" ind1="1" ind2=" ">
    <subfield code="6">880-01</subfield>
    <subfield code="a">Ibn al-Athīr, Ḍiyāʼ al-Dīn Naṣr Allāh ibn Muḥammad,</subfield>
    <subfield code="d">1163-1239.</subfield>
  </datafield>
  <datafield tag="245" ind1="1" ind2="3">
    <subfield code="6">880-02</subfield>
    <subfield code="a">al-Jāmiʻ al-kabīr fī ṣināʻat al-manẓūm min al-kalām wa-al-manthūr /</subfield>
    <subfield code="c">taʾlīf Ḍiyāʾ al-Dīn ibn al-Athīr al-Jazarī ; qāma bi-taḥqīqihi wa-al-taʻlīq ʻalayhi Muṣṭafá Jawād, wa-Jamīl Saʻīd.</subfield>
  </datafield>
  <datafield tag="260" ind1=" " ind2=" ">
    <subfield code="6">880-03</subfield>
    <subfield code="a">[Baghdād] :</subfield>
    <subfield code="b">Maṭbaʻat al-Majmaʻ al-ʻIlmī al-ʻIrāqī,</subfield>
    <subfield code="c">1956.</subfield>
  </datafield>
  <datafield tag="300" ind1=" " ind2=" ">
    <subfield code="a">338 p. ;</subfield>
    <subfield code="c">25 cm.</subfield>
  </datafield>
  <datafield tag="490" ind1="1" ind2=" ">
    <subfield code="6">880-04</subfield>
    <subfield code="a">Maṭbūʻāt al-Majmaʻ al-ʻIlmī al-ʻIrāqī</subfield>
  </datafield>
  <datafield tag="500" ind1=" " ind2=" ">
    <subfield code="a">Includes errata pages.</subfield>
  </datafield>
  <datafield tag="504" ind1=" " ind2=" ">
    <subfield code="a">Includes bibliographical references and indexes.</subfield>
  </datafield>
  <datafield tag="650" ind1=" " ind2="0">
    <subfield code="a">Arabic language</subfield>
    <subfield code="x">Rhetoric.</subfield>
  </datafield>
  <datafield tag="700" ind1="1" ind2=" ">
    <subfield code="6">880-05</subfield>
    <subfield code="a">Jawād, Muṣṭafá.</subfield>
  </datafield>
  <datafield tag="700" ind1="1" ind2=" ">
    <subfield code="6">880-06</subfield>
    <subfield code="a">Saʻīd, Jamīl,</subfield>
    <subfield code="d">-1990.</subfield>
  </datafield>
  <datafield tag="830" ind1=" " ind2="0">
    <subfield code="6">880-07</subfield>
    <subfield code="a">Maṭbūʻāt al-Majmaʻ al-ʻIlmī al-ʻIrāqī.</subfield>
  </datafield>
  <datafield tag="880" ind1="1" ind2=" ">
    <subfield code="6">100-01/(3/r</subfield>
    <subfield code="a">ابن الأثير، ضياء الدين نصر الله بن محمد.</subfield>
  </datafield>
  <datafield tag="880" ind1="1" ind2="2">
    <subfield code="6">245-02/(3/r</subfield>
    <subfield code="a">الجامع الكبير فى صناعة المنظوم من الكلام والمنثور /</subfield>
    <subfield code="c">تأليف ضياء الدين بن الأثير الجزرى ؛ قام بتحقيقه والتعليق عليه مصطفى جواد، وجميل سعيد.</subfield>
  </datafield>
  <datafield tag="880" ind1=" " ind2=" ">
    <subfield code="6">260-03/(3/r</subfield>
    <subfield code="a">[بغداد] :</subfield>
    <subfield code="b">مطبعة المجمع العلمى العراقى،</subfield>
    <subfield code="c">١٩٥٦.</subfield>
  </datafield>
  <datafield tag="880" ind1="1" ind2=" ">
    <subfield code="6">490-04/(3/r</subfield>
    <subfield code="a">مطبوعات المجمع العلمى العراقى</subfield>
  </datafield>
  <datafield tag="880" ind1="1" ind2=" ">
    <subfield code="6">700-05/(3/r</subfield>
    <subfield code="a">جواد، مصطفى.</subfield>
  </datafield>
  <datafield tag="880" ind1="1" ind2=" ">
    <subfield code="6">700-06/(3/r</subfield>
    <subfield code="a">سعيد، جميل.</subfield>
  </datafield>
  <datafield tag="880" ind1=" " ind2="0">
    <subfield code="6">830-07/(3/r</subfield>
    <subfield code="a">مطبوعات المجمع العلمى العراقى</subfield>
  </datafield>
  <datafield tag="955" ind1=" " ind2=" ">
    <subfield code="b">CU58884262</subfield>
    <subfield code="d">off,glx</subfield>
    <subfield code="e">893.741 N18633</subfield>
  </datafield>
</record>
</collection>